@article{Bokulich2018,
  title = {Optimizing taxonomic classification of marker-gene amplicon sequences with QIIME 2’s q2-feature-classifier plugin},
  volume = {6},
  ISSN = {2049-2618},
  url = {http://dx.doi.org/10.1186/s40168-018-0470-z},
  DOI = {10.1186/s40168-018-0470-z},
  number = {1},
  journal = {Microbiome},
  publisher = {Springer Science and Business Media LLC},
  author = {Bokulich,  Nicholas A. and Kaehler,  Benjamin D. and Rideout,  Jai Ram and Dillon,  Matthew and Bolyen,  Evan and Knight,  Rob and Huttley,  Gavin A. and Gregory Caporaso,  J.},
  year = {2018},
  month = may 
}

@article{Buttigieg2014,
  title = {A guide to statistical analysis in microbial ecology: a community-focused,  living review of multivariate data analyses},
  volume = {90},
  ISSN = {0168-6496},
  url = {http://dx.doi.org/10.1111/1574-6941.12437},
  DOI = {10.1111/1574-6941.12437},
  number = {3},
  journal = {FEMS Microbiology Ecology},
  publisher = {Oxford University Press (OUP)},
  author = {Buttigieg,  Pier Luigi and Ramette,  Alban},
  year = {2014},
  month = dec,
  pages = {543–550}
}

@article{Callahan2016,
  title = {DADA2: High-resolution sample inference from Illumina amplicon data},
  volume = {13},
  ISSN = {1548-7105},
  url = {http://dx.doi.org/10.1038/nmeth.3869},
  DOI = {10.1038/nmeth.3869},
  number = {7},
  journal = {Nature Methods},
  publisher = {Springer Science and Business Media LLC},
  author = {Callahan,  Benjamin J and McMurdie,  Paul J and Rosen,  Michael J and Han,  Andrew W and Johnson,  Amy Jo A and Holmes,  Susan P},
  year = {2016},
  month = may,
  pages = {581–583}
}

@article{Caporaso2010,
  title = {QIIME allows analysis of high-throughput community sequencing data},
  volume = {7},
  ISSN = {1548-7105},
  url = {http://dx.doi.org/10.1038/nmeth.f.303},
  DOI = {10.1038/nmeth.f.303},
  number = {5},
  journal = {Nature Methods},
  publisher = {Springer Science and Business Media LLC},
  author = {Caporaso,  J Gregory and Kuczynski,  Justin and Stombaugh,  Jesse and Bittinger,  Kyle and Bushman,  Frederic D and Costello,  Elizabeth K and Fierer,  Noah and Peña,  Antonio Gonzalez and Goodrich,  Julia K and Gordon,  Jeffrey I and Huttley,  Gavin A and Kelley,  Scott T and Knights,  Dan and Koenig,  Jeremy E and Ley,  Ruth E and Lozupone,  Catherine A and McDonald,  Daniel and Muegge,  Brian D and Pirrung,  Meg and Reeder,  Jens and Sevinsky,  Joel R and Turnbaugh,  Peter J and Walters,  William A and Widmann,  Jeremy and Yatsunenko,  Tanya and Zaneveld,  Jesse and Knight,  Rob},
  year = {2010},
  month = apr,
  pages = {335–336}
}

@article{DeSantis2006,
  title = {Greengenes,  a Chimera-Checked 16S rRNA Gene Database and Workbench Compatible with ARB},
  volume = {72},
  ISSN = {1098-5336},
  url = {http://dx.doi.org/10.1128/AEM.03006-05},
  DOI = {10.1128/aem.03006-05},
  number = {7},
  journal = {Applied and Environmental Microbiology},
  publisher = {American Society for Microbiology},
  author = {DeSantis,  T. Z. and Hugenholtz,  P. and Larsen,  N. and Rojas,  M. and Brodie,  E. L. and Keller,  K. and Huber,  T. and Dalevi,  D. and Hu,  P. and Andersen,  G. L.},
  year = {2006},
  month = jul,
  pages = {5069–5072}
}

@article{Dixon2003,
  title = {{VEGAN},  a package of R functions for community ecology},
  volume = {14},
  ISSN = {1654-1103},
  url = {http://dx.doi.org/10.1111/j.1654-1103.2003.tb02228.x},
  DOI = {10.1111/j.1654-1103.2003.tb02228.x},
  number = {6},
  journal = {Journal of Vegetation Science},
  publisher = {Wiley},
  author = {Dixon,  Philip},
  year = {2003},
  month = apr,
  pages = {927–930}
}

@article{Liu2020,
  title = {microeco: an R package for data mining in microbial community ecology},
  volume = {97},
  ISSN = {1574-6941},
  url = {http://dx.doi.org/10.1093/femsec/fiaa255},
  DOI = {10.1093/femsec/fiaa255},
  number = {2},
  journal = {FEMS Microbiology Ecology},
  publisher = {Oxford University Press (OUP)},
  author = {Liu,  Chi and Cui,  Yaoming and Li,  Xiangzhen and Yao,  Minjie},
  year = {2020},
  month = dec 
}

@article{McDonald2011,
  title = {An improved Greengenes taxonomy with explicit ranks for ecological and evolutionary analyses of bacteria and archaea},
  volume = {6},
  ISSN = {1751-7370},
  url = {http://dx.doi.org/10.1038/ismej.2011.139},
  DOI = {10.1038/ismej.2011.139},
  number = {3},
  journal = {The ISME Journal},
  publisher = {Oxford University Press (OUP)},
  author = {McDonald,  Daniel and Price,  Morgan N and Goodrich,  Julia and Nawrocki,  Eric P and DeSantis,  Todd Z and Probst,  Alexander and Andersen,  Gary L and Knight,  Rob and Hugenholtz,  Philip},
  year = {2011},
  month = dec,
  pages = {610–618}
}

@article{McDonald2023,
  title = {Greengenes2 unifies microbial data in a single reference tree},
  volume = {42},
  ISSN = {1546-1696},
  url = {http://dx.doi.org/10.1038/s41587-023-01845-1},
  DOI = {10.1038/s41587-023-01845-1},
  number = {5},
  journal = {Nature Biotechnology},
  publisher = {Springer Science and Business Media LLC},
  author = {McDonald,  Daniel and Jiang,  Yueyu and Balaban,  Metin and Cantrell,  Kalen and Zhu,  Qiyun and Gonzalez,  Antonio and Morton,  James T. and Nicolaou,  Giorgia and Parks,  Donovan H. and Karst,  Søren M. and Albertsen,  Mads and Hugenholtz,  Philip and DeSantis,  Todd and Song,  Se Jin and Bartko,  Andrew and Havulinna,  Aki S. and Jousilahti,  Pekka and Cheng,  Susan and Inouye,  Michael and Niiranen,  Teemu and Jain,  Mohit and Salomaa,  Veikko and Lahti,  Leo and Mirarab,  Siavash and Knight,  Rob},
  year = {2023},
  month = jul,
  pages = {715–718}
}


@article{McMurdie2013,
  title = {phyloseq: An R Package for Reproducible Interactive Analysis and Graphics of Microbiome Census Data},
  volume = {8},
  ISSN = {1932-6203},
  url = {http://dx.doi.org/10.1371/journal.pone.0061217},
  DOI = {10.1371/journal.pone.0061217},
  number = {4},
  journal = {PLoS ONE},
  publisher = {Public Library of Science (PLoS)},
  author = {McMurdie,  Paul J. and Holmes,  Susan},
  editor = {Watson,  Michael},
  year = {2013},
  month = apr,
  pages = {e61217}
}

@article{Schloss2009,
  title = {Introducing mothur: Open-Source,  Platform-Independent,  Community-Supported Software for Describing and Comparing Microbial Communities},
  volume = {75},
  ISSN = {1098-5336},
  url = {http://dx.doi.org/10.1128/AEM.01541-09},
  DOI = {10.1128/aem.01541-09},
  number = {23},
  journal = {Applied and Environmental Microbiology},
  publisher = {American Society for Microbiology},
  author = {Schloss,  Patrick D. and Westcott,  Sarah L. and Ryabin,  Thomas and Hall,  Justine R. and Hartmann,  Martin and Hollister,  Emily B. and Lesniewski,  Ryan A. and Oakley,  Brian B. and Parks,  Donovan H. and Robinson,  Courtney J. and Sahl,  Jason W. and Stres,  Blaz and Thallinger,  Gerhard G. and Van Horn,  David J. and Weber,  Carolyn F.},
  year = {2009},
  month = dec,
  pages = {7537–7541}
}

@article{Quast2012,
  title = {The SILVA ribosomal RNA gene database project: improved data processing and web-based tools},
  volume = {41},
  ISSN = {1362-4962},
  url = {http://dx.doi.org/10.1093/nar/gks1219},
  DOI = {10.1093/nar/gks1219},
  number = {D1},
  journal = {Nucleic Acids Research},
  publisher = {Oxford University Press (OUP)},
  author = {Quast,  Christian and Pruesse,  Elmar and Yilmaz,  Pelin and Gerken,  Jan and Schweer,  Timmy and Yarza,  Pablo and Peplies,  J\"{o}rg and Gl\"{o}ckner,  Frank Oliver},
  year = {2012},
  month = nov,
  pages = {D590–D596}
}

@article{Wang2007,
  title = {Naïve Bayesian Classifier for Rapid Assignment of rRNA Sequences into the New Bacterial Taxonomy},
  volume = {73},
  ISSN = {1098-5336},
  url = {http://dx.doi.org/10.1128/AEM.00062-07},
  DOI = {10.1128/aem.00062-07},
  number = {16},
  journal = {Applied and Environmental Microbiology},
  publisher = {American Society for Microbiology},
  author = {Wang,  Qiong and Garrity,  George M. and Tiedje,  James M. and Cole,  James R.},
  year = {2007},
  month = aug,
  pages = {5261–5267}
}

@article{Wang2024,
  title = {Updated RDP taxonomy and RDP Classifier for more accurate taxonomic classification},
  volume = {13},
  ISSN = {2576-098X},
  url = {http://dx.doi.org/10.1128/mra.01063-23},
  DOI = {10.1128/mra.01063-23},
  number = {4},
  journal = {Microbiology Resource Announcements},
  publisher = {American Society for Microbiology},
  author = {Wang,  Qiong and Cole,  James R.},
  editor = {Pritchard,  Leighton},
  year = {2024},
  month = apr 
}

@article{Werner2011,
  title = {Impact of training sets on classification of high-throughput bacterial 16s rRNA gene surveys},
  volume = {6},
  ISSN = {1751-7370},
  url = {http://dx.doi.org/10.1038/ismej.2011.82},
  DOI = {10.1038/ismej.2011.82},
  number = {1},
  journal = {The ISME Journal},
  publisher = {Oxford University Press (OUP)},
  author = {Werner,  Jeffrey J and Koren,  Omry and Hugenholtz,  Philip and DeSantis,  Todd Z and Walters,  William A and Caporaso,  J Gregory and Angenent,  Largus T and Knight,  Rob and Ley,  Ruth E},
  year = {2011},
  month = jun,
  pages = {94–103}
}

@article{Yilmaz2013,
  title = {The SILVA and “All-species Living Tree Project (LTP)” taxonomic frameworks},
  volume = {42},
  ISSN = {1362-4962},
  url = {http://dx.doi.org/10.1093/nar/gkt1209},
  DOI = {10.1093/nar/gkt1209},
  number = {D1},
  journal = {Nucleic Acids Research},
  publisher = {Oxford University Press (OUP)},
  author = {Yilmaz,  Pelin and Parfrey,  Laura Wegener and Yarza,  Pablo and Gerken,  Jan and Pruesse,  Elmar and Quast,  Christian and Schweer,  Timmy and Peplies,  J\"{o}rg and Ludwig,  Wolfgang and Gl\"{o}ckner,  Frank Oliver},
  year = {2013},
  month = nov,
  pages = {D643–D648}
}
